<?xml version="1.0" encoding="UTF-8"?><record xmlns="http://www.loc.gov/MARC21/slim" xmlns:cinclude="http://apache.org/cocoon/include/1.0" xmlns:zs="http://www.loc.gov/zing/srw/">
  <leader>00610nz  a2200157n  4500</leader>
  <controlfield tag="001">n 2011006434</controlfield>
  <controlfield tag="003">DLC</controlfield>
  <controlfield tag="005">20110201074908.0</controlfield>
  <controlfield tag="008">110131n| acannaabn          |b aaa      </controlfield>
  <datafield tag="010" ind1=" " ind2=" ">
    <subfield code="a">n 2011006434</subfield>
  </datafield>
  <datafield tag="040" ind1=" " ind2=" ">
    <subfield code="a">DLC</subfield>
    <subfield code="b">eng</subfield>
    <subfield code="c">DLC</subfield>
  </datafield>
  <datafield tag="100" ind1="1" ind2=" ">
    <subfield code="a">Yosef, Yitsḥaḳ.</subfield>
    <subfield code="t">Sheviʻit ṿe-hilkhoteha (Ḳitsur)</subfield>
  </datafield>
  <datafield tag="400" ind1="1" ind2=" ">
    <subfield code="a">Yosef, Yitsḥaḳ.</subfield>
    <subfield code="t">Sheviʻit ṿe-hilkhoteha</subfield>
  </datafield>
  <datafield tag="400" ind1="1" ind2=" ">
    <subfield code="a">Yosef, Yitsḥaḳ.</subfield>
    <subfield code="t">שביעית והלכותיה</subfield>
  </datafield>
  <datafield tag="667" ind1=" " ind2=" ">
    <subfield code="a">Non-Latin script reference not evaluated.</subfield>
  </datafield>
  <datafield tag="670" ind1=" " ind2=" ">
    <subfield code="a">השביעית והלכותיה = ha-Sheviʻit ṿe-hilkhoteha, 2007?:</subfield>
    <subfield code="b">p. 1 (Ṿekha-ʻet yotse le-or be-ḳitsur nimrats)</subfield>
  </datafield>
</record>